% Encoding: UTF-8
% Examples from https://verbosus.com/bibtex-style-examples.html

@ARTICLE{Art,
  author      = {Kozlov K.N., Baumann, P.},
  hyphenation = {english},
  journal     = {Pattern Recognit. Image Anal},
  pages       = {23, 488â€“497},
  title       = {Waldmann J. et al. TeraPro, a system for pro-cessing large biomedical image.},
  year        = {2013},
}

@GG{gg,
  address     = {The address of the publisher},
  hyphenation = {english},
  month       = jul,
  pagetotal   = {255},
  school      = {The school where the thesis was written},
  title       = {The title of the work},
  year        = {1993},
}

@Comment{jabref-meta: databaseType:bibtex;}
