% Encoding: UTF-8
% Examples from https://verbosus.com/bibtex-style-examples.html

@ARTICLE{Article,
  author      = {Kozlov K.N., Baumann, P.},
  hyphenation = {english},
  journal     = {Pattern Recognit. Image Anal},
  pages       = {23, 488–497},
  title       = {Waldmann J. et al. TeraPro, a system for pro-cessing large biomedical image.},
  year        = {2013},
  url =          {https://doi.org/10.1134/S105466181304007X},
}

@BOOKLET{Booklet,
  author      = {Bradski, G.},
  hyphenation = {english},
  journal     = {Dr. Dobb’s Journal of Software Tools, 120},
  pages       = {122-125},
  title       = {The OpenCV Library.},
  year        = {2000},
}

@CONFERENCE{Conference,
  author      = {Baharlou H., Canete N. P.,},
  hyphenation = {english},
  title       = {Bertram K. M., Sandgren K. J., Cunningham A. L., Harman A. N., Patrick E   AFid: A tool for automated identification and exclusion of autofluorescent ob-jects from microscopy images. bioRxiv, 566315 },
  year        = {2019},
  url =          {https://doi.org/10.1101/566315},
}

@INBOOK{Inbook,
author      = {Штейн, Г. И.,},
title = {Руководство по конфокальной микроскопии - СПб: ИНЦ РАН,},
publisher = {Стандартинформ},
year = {2007.},
pagetotal = {77 с},
series = {ил.ISBN},
hyphenation = {russian}
}

@INCOLLECTION{Incollection,
  author      = {Горьков,  А.,},
  title= {Математическая морфология},
  url =          {https://habr.com/ru/post/113626/},
  urldate =      {2011-02-12},
  hyphenation =     {russian}
}

% морф операции
@MANUAL{Manual,
  title = {The title of the work},
  author = {Шапиро Л., Дж.Стокман}, 
  title= {Компьютерное зрение. изд},	
  organization = {М.: БИНОМ. Лаборатория знаний},
  year         = {2006},
  pagetotal = {752},
  hyphenation     = {russian}
}

% Prostack
@MASTERSTHESIS{Mastersthesis,
  author       = {Kozlov K.},
  title        = {et al., Quantitative analysis of the heterogeneous population of endocytic vesicles. Journal of Bioinformatics and Computational Biology, 10:1750008},
  school       = {The school where the thesis was written},
  year         = {2017},
  hyphenation     = {english}
}

% выделение границ
@MISC{Misc,
  author       = {Muthukrishnan R, Radha M.},
  title        = {International Journal of Computer Science, Information Technology (IJCSIT), 3(6).},
  pagetotal = {259–267},
  hyphenation     = {english}
}

%операторы превита
@PHDTHESIS{Phdthesis,
  author       = {Гонсалес Р., Вудс Р.}, 
  title        = {Цифровая обработка изображений М: Техносфера},
  year         = {2005},
  pagetotal = {1007},
  hyphenation     = {russian}
}

%Фиджи
@TECHREPORT{Techreport,
  author       = {Schindelin J., Arganda-Carreras I.},
  title        = {Fiji: an open-source platform for biological-image analysis,  PMID 22743772},
  url = {http://dx.doi.org/10.1038},
  year         = {2012},
  pagetotal = {676-682},
  hyphenation     = {english}
}




